@BOOK{FITPUB9468,
   author = "Martin Drahansk\'{y} and Filip Ors\'{a}g and Michal Dole\v{z}el and et al.",
   title = "Biometrie",
   pages = 294,
   year = 2011,
   location = "Brno, CZ",
   publisher = "Computer Press, s.r.o",
   edition = "1. vyd\'{a}n\'{i}",
   ISBN = "978-80-254-8979-6",
   language = "czech",
   url = "https://www.fit.vut.cz/research/publication/9468"
}